@article{castanon2007,
author = {Beltrán Castañón, Cesar and Fraga, Jane and Fernandez, Sandra and Gruber, Arthur and da F. Costa, Luciano},
year = {2007},
month = {07},
pages = {1899-1910},
title = {Biological shape characterization for automatic image recognition and diagnosis of protozoan parasites of the genus Eimeria},
volume = {40},
journal = {Pattern Recognition},
doi = {10.1016/j.patcog.2006.12.006}
}

@article{Arena2003,
author = {Arena, Paolo and Basile, Adriano and Bucolo, Maide and Fortuna, Luigi},
year = {2003},
month = {01},
pages = {174-178},
title = {Image processing for medical diagnosis using CNN},
volume = {497},
journal = {Nuclear Instruments and Methods in Physics Research Section A: Accelerators, Spectrometers, Detectors and Associated Equipment},
doi = {10.1016/S0168-9002(02)01908-3}
}

@article{Comaniciu1999,
author = {Comaniciu, Dorin and Meer, Peter and J. Foran, David},
year = {1999},
month = {12},
pages = {213-224},
title = {Image-guided decision support system for pathology},
volume = {11},
journal = {Machine Vision and Applications},
doi = {10.1007/s001380050104}
}

@article{Ushizima2004,
author = {Ushizima, Daniela and da F. Costa, Luciano and Gil Rizzatti, Edgar and Zago, Marco},
year = {2004},
month = {08},
pages = {205-216},
title = {A texture approach to leukocyte recognition},
volume = {10},
journal = {Real-Time Imaging},
doi = {10.1016/j.rti.2004.02.007}
}

@article{Jain2000,
author = {K. Jain, Anil and Duin, Robert and Mao, Jianchang},
year = {2000},
month = {01},
pages = {4-37},
title = {Statistical Pattern Recognition: A Review},
volume = {22},
journal = {IEEE Trans. Pattern Anal. Mach. Intell.},
doi = {10.1109/34.824819}
}

@article{Jalba2006,
author = {Jalba, Andrei and Wilkinson, Michael and Roerdink, Jos},
year = {2006},
month = {03},
pages = {331-41},
title = {Shape representation and recognition through morphological curvature scale spaces},
volume = {15},
journal = {IEEE transactions on image processing : a publication of the IEEE Signal Processing Society},
doi = {10.1109/TIP.2005.860606}
}

@article{Chen2019,
  doi = {10.1038/s41598-019-40414-y},
  url = {https://doi.org/10.1038/s41598-019-40414-y},
  year = {2019},
  month = mar,
  publisher = {Springer Nature},
  volume = {9},
  number = {1},
  author = {Hu Chen and Kailai Zhang and Peijun Lyu and Hong Li and Ludan Zhang and Ji Wu and Chin-Hui Lee},
  title = {A deep learning approach to automatic teeth detection and numbering based on object detection in dental periapical films},
  journal = {Scientific Reports}
}